@book{b1,
    author = {J. Han and M. Kamber and J. Pei},
    title = {Data Mining: Concepts and Techniques},
    edition = {3rd},
    publisher = {Elsevier},
    year = {2011}
}

@inproceedings{b2,
    author = {T. Chen and C. Guestrin},
    title = {XGBoost: A Scalable Tree Boosting System},
    booktitle = {Proceedings of the ACM SIGKDD International Conference on Knowledge Discovery and Data Mining},
    year = {2016},
    pages = {785--794}
}

@article{b3,
    author = {H. Fanaee-T and J. Gama},
    title = {Ensemble of optimized rules for heart disease prediction},
    journal = {Journal of Biomedical Informatics},
    volume = {49},
    pages = {62--71},
    year = {2014}
}

@article{b4,
    author = {E. J. Topol},
    title = {High-performance medicine: the convergence of human and artificial intelligence},
    journal = {Nature Medicine},
    volume = {25},
    pages = {44--56},
    year = {2019}
}

@article{b5,
    author = {P. Wang and others},
    title = {Predicting shipment delays using machine learning},
    journal = {Journal of Supply Chain Analytics},
    volume = {10},
    pages = {101--120},
    year = {2020}
}
